@article{moser2014,
  title={Grid cells and cortical representation},
  author={Moser, Edvard I and Roudi, Yasser and Witter, Menno P and Kentros, Clifford and Bonhoeffer, Tobias and Moser, May-Britt},
  journal={Nature Reviews Neuroscience},
  volume={15},
  number={7},
  pages={466--481},
  year={2014},
  publisher={Nature Publishing Group}
}

@article{elhage2021,
  title={A mathematical framework for transformer circuits},
  author={Elhage, Nelson and Nanda, Neel and Olsson, Catherine and Henighan, Tom and Joseph, Nicholas and Mann, Ben and Askell, Amanda and Bai, Yuntao and Chen, Anna and Conerly, Tom and others},
  journal={Transformer Circuits Thread},
  year={2021}
}

@article{bronstein2021,
  title={Geometric deep learning: Grids, groups, graphs, geodesics, and gauges},
  author={Bronstein, Michael M and Bruna, Joan and Cohen, Taco and Veli{\v{c}}kovi{\'c}, Petar},
  journal={arXiv preprint arXiv:2104.13478},
  year={2021}
}

@inproceedings{frankle2019,
  title={The lottery ticket hypothesis: Finding sparse, trainable neural networks},
  author={Frankle, Jonathan and Carbin, Michael},
  booktitle={International Conference on Learning Representations},
  year={2019}
}

@article{vaswani2017,
  title={Attention is all you need},
  author={Vaswani, Ashish and Shazeer, Noam and Parmar, Niki and Uszkoreit, Jakob and Jones, Llion and Gomez, Aidan N and Kaiser, {\L}ukasz and Polosukhin, Illia},
  journal={Advances in neural information processing systems},
  volume={30},
  year={2017}
}

@article{bengio2013,
  title={Representation learning: A review and new perspectives},
  author={Bengio, Yoshua and Courville, Aaron and Vincent, Pascal},
  journal={IEEE transactions on pattern analysis and machine intelligence},
  volume={35},
  number={8},
  pages={1798--1828},
  year={2013},
  publisher={IEEE}
}